@misc{Nakamoto,
title={{Bitcoin: A Peer-to-Peer Electronic Cash System}},
author={S. Nakamoto},
month={October},
year={2008},
howpublished={\url{https://bitcoin.org/en/bitcoin-paper}}
}
@inproceedings{backbone,
  author    = {Juan A. Garay and
               Aggelos Kiayias and
               Nikos Leonardos},
  editor    = {Elisabeth Oswald and
               Marc Fischlin},
  title     = {The Bitcoin Backbone Protocol: Analysis and Applications},
  booktitle = {Advances in Cryptology - {EUROCRYPT} 2015 - 34th Annual International
               Conference on the Theory and Applications of Cryptographic Techniques,
               Sofia, Bulgaria, April 26-30, 2015, Proceedings, Part {II}},
  series    = {LNCS},
  volume    = {9057},
  pages     = {281--310},
  publisher = {Springer},
  year      = {2015},
}

@misc{utxo_growth,
    author = {Dimitris Karakostas and Nikos Karayannidis and Aggelos Kiayias},
    title = {Efficient State Management in Distributed Ledgers},
    howpublished = {Cryptology ePrint Archive, Report 2021/183},
    year = {2021},
    note = {\url{https://eprint.iacr.org/2021/183}},
}

@misc{ethereum-dos,
    title={The Ethereum network is currently undergoing a DoS attack},
    author={Wilcke, Jeffrey},
    year = {2016},
    note = "\url{https://blog.ethereum.org/2016/09/22/ethereum-network-currently-undergoing-dos-attack/}"
}

@misc{bitcoin-flooding,
    title={July 2015 flood attack},
    author={Bitcoin},
    year = {2015},
    note = "\url{https://en.bitcoin.it/wiki/July_2015_flood_attack}"
}

@misc{ergo,
  title={{Ergo: A Resilient Platform For ContractualMoney}},
  author={{Ergo Team}},
  year={2019},
  howpublished={\url{https://whitepaper.io/document/753/ergo-1-whitepaper}}
}

@inproceedings{FCW:VasThoMoo14,
  author    = {Marie Vasek and
               Micah Thornton and
               Tyler Moore},
  editor    = {Rainer B{\"{o}}hme and
               Michael Brenner and
               Tyler Moore and
               Matthew Smith},
  title     = {Empirical Analysis of Denial-of-Service Attacks in the Bitcoin Ecosystem},
  booktitle = {Financial Cryptography and Data Security - {FC} 2014 Workshops, {BITCOIN}
               and {WAHC} 2014, Christ Church, Barbados, March 7, 2014, Revised Selected
               Papers},
  series    = {LNCS},
  volume    = {8438},
  publisher = {Springer},
  year      = {2014},
}

@book{algorithms,
author = {Cormen, Thomas H. and Leiserson, Charles E. and Rivest, Ronald L. and Stein, Clifford},
title = {Introduction to Algorithms, Third Edition},
year = {2009},
isbn = {0262033844},
publisher = {The MIT Press},
edition = {3rd}
}

@misc{stellar,
title={{Stellar Development Guides}},
author = {{Stellar Development Foundation}},
year = {2020},
howpublished={\url{https://developers.stellar.org/docs/}}
}

@misc{waves,
title={{Waves blockchain documentation}},
author = {{Waves Team}},
year = {2020},
howpublished={\url{https://docs.wavesprotocol.org/}}
}

@misc{algorand,
title={{Algorand Developer Documentation}},
author = {{Algorand Team}},
year = {2021},
howpublished={\url{https://developer.algorand.org/docs/}}
}

@misc{gsn,
title={{EIP-1613: Gas stations network}},
author = {{	Yoav Weiss and Dror Tirosh and Alex Forshtat}},
year = {2018},
howpublished={\url{https://eips.ethereum.org/EIPS/eip-1613}}
}

@misc{herlihy2018atomic,
      title={Atomic Cross-Chain Swaps},
      author={Maurice Herlihy},
      year={2018},
      eprint={1801.09515},
      archivePrefix={arXiv},
      primaryClass={cs.DC}
}

@misc{maker,
      title={The Maker Protocol: MakerDAO's Multi-Collateral Dai (MCD) System},
      author={MakerDAO Team},
      year={Retrieved May 26, 2021},
      howpublished={\url{https://makerdao.com/en/whitepaper/}}
}

@misc{black2019atomic,
      title={Atomic Loans: Cryptocurrency Debt Instruments},
      author={Matthew Black and TingWei Liu and Tony Cai},
      year={2019},
      eprint={1901.05117},
      archivePrefix={arXiv},
      primaryClass={cs.CR}
}

@misc{atomicdex,
title={{AtomicDEX documentation}},
author = {{Komodo Team}},
year = {2021},
howpublished={\url{https://developers.komodoplatform.com/basic-docs/atomicdex/}}
}

@misc{idex,
title={{IDEX documentation}},
author = {{IDEX Team}},
year = {2021},
howpublished={\url{https://docs.idex.io/}}
}

@misc{swapdex,
title={{SWAPDEX : Decentralized Finance is the Future}},
author = {{SWAPDEX Team}},
year = {2020},
howpublished={\url{https://swapdex.net/whitepaper/SWAPDEX.pdf}}
}

@misc{kyber,
title={{Kyber: An On-Chain Liquidity Protocol}},
author = {{Kyber Team}},
year = {2019},
howpublished={\url{https://files.kyber.network/Kyber_Protocol_22_April_v0.1.pdf}}
}

@misc{wavesdex,
title={{Waves.Exchange Documentation}},
author = {{Waves.Exchange Team}},
year = {2021},
howpublished={\url{https://docs.waves.exchange/en/waves-exchange/}}
}

@inproceedings{utxo-debt,
      title={Debt Representation in {UTXO} Blockchains},
      author={Michael Chiu and Uroš Kalabić},
      year={2021},
      booktitle={Financial Cryptography and Data Security 2021}
}

@inproceedings{eutxoma,
  author    = {Manuel M. T. Chakravarty and
               James Chapman and
               Kenneth MacKenzie and
               Orestis Melkonian and
               Jann M{\"{u}}ller and
               Michael Peyton Jones and
               Polina Vinogradova and
               Philip Wadler},
  title     = {Native Custom Tokens in the Extended {UTXO} Model},
  booktitle = {Leveraging Applications of Formal Methods, Verification and Validation:
               Applications - 9th International Symposium on Leveraging Applications
               of Formal Methods, ISoLA 2020, Rhodes, Greece, October 20-30, 2020,
               Proceedings, Part {III}},
  series    = {LNCS},
  volume    = {12478},
  year      = {2020},
}

@Inbook{knapsack,
author="Kellerer, Hans
and Pferschy, Ulrich
and Pisinger, David",
title="Knapsack Problems",
year="2004",
publisher="Springer Berlin Heidelberg",
address="Berlin, Heidelberg",
isbn="978-3-540-24777-7",
}

@article{zahnentferner:chimeric-ledgers,
  author    = {Joachim Zahnentferner},
  title     = {Chimeric Ledgers: Translating and Unifying {UTxO}-based and Account-based
               Cryptocurrencies},
  journal   = {{IACR} Cryptology ePrint Archive},
  volume    = {2018},
  pages     = {262},
  year      = {2018},
  url       = {http://eprint.iacr.org/2018/262},
}

@inproceedings{eutxo,
  title = {The {Extended UTXO} Model},
  author = {Manuel M. T. Chakravarty and James Chapman and Kenneth
                  MacKenzie and Orestis Melkonian and Michael {Peyton
                  Jones} and Philip Wadler},
  booktitle = {Proceedings of Trusted Smart Contracts (WTSC)},
  year = 2020,
  volume = "12063",
  publisher = "Springer",
  series = "LNCS"
}

@misc{uniswap,
      title={Uniswap Whitepaper},
      author={Uniswap Team},
      year={2019},
    howpublished={\url{https://hackmd.io/@HaydenAdams/HJ9jLsfTz#%F0%9F%A6%84-Uniswap-Whitepaper}}
}

@misc{summa,
      title={Cross-chain Auctions via Bitcoin Double Spends},
      author={James Prestwich},
      year={2018},  howpublished={\url{https://medium.com/summa-technology/summa-auction-bitcoin-technical-7344096498f2}}
}

@misc{cpfp,
      title={Developer Guides},
      author={Bitcoin Project},
      year={2020},
      howpublished={\url{https://developer.bitcoin.org/devguide/}}
}

@misc{eet,
    author       = {John Andrews and
		    Michele Ciampi and
		    Vassilis Zikas},
    title        = {Etherless Ethereum Tokens: Simulating Native Tokens in Ethereum},
    howpublished = {Cryptology ePrint Archive, Report 2021/766},
    year         = {2021},
    note         = {\url{https://ia.cr/2021/766}},
}

@article{scilla,
  title={Safer smart contract programming with {Scilla}},
  author={Sergey, Ilya and Nagaraj, Vaivaswatha and Johannsen, Jacob and Kumar, Amrit and Trunov, Anton and Hao, Ken Chan Guan},
  journal={Proceedings of the ACM on Programming Languages},
  volume={3},
  number={OOPSLA},
  pages={185},
  year={2019},
  publisher={ACM}
}
@article{scilla-arxiv,
  title={Scilla: a smart contract intermediate-level language},
  author={Sergey, Ilya and Kumar, Amrit and Hobor, Aquinas},
  journal={arXiv preprint arXiv:1801.00687},
  year={2018}
}

@inproceedings{eutxo-ma,
  title={Native Custom Tokens in the Extended {UTXO} Model},
  author={Manuel M. T. Chakravarty and James Chapman and Kenneth MacKenzie and
  Orestis Melkonian and Jann Müller and Michael {Peyton Jones} and Polina Vinogradova and Philip Wadler},
  year=2020,
  booktitle={9th International Symposium on Leveraging Applications of Formal Methods (ISoLA)},
  organization={Springer},
  note={to appear; \url{https://omelkonian.github.io/data/publications/eutxoma.pdf}}
}

@misc{sundae,
      title={SundaeSwap Scalability},
      author={The SundaeSwap Team},
      year={2021},
      howpublished={\url{https://sundaeswap.finance/posts/sundaeswap-scalability}}
}

@article{tezos,
  title={Tezos—a self-amending crypto-ledger White paper},
  author={Goodman, LM},
  year={2014}
}

@misc{nervos,
title={{Nervos CKB: A Common Knowledge Base for Crypto-Economy}},
author = {Jan Xie},
year = {2018},
howpublished={\url{https://github.com/nervosnetwork/rfcs/blob/master/rfcs/0002-ckb/0002-ckb.md}}
}

@misc{zil,
title={{The ZILLIQA Technical Whitepaper}},
author = {The ZILLIQA Team},
year = {2017},
howpublished={\url{https://docs.zilliqa.com/whitepaper.pdf}}
}

@misc{ethereum,
title={{Ethereum: A Next-Generation Smart Contract and Decentralized Application Platform.}},
author = { Vitalik Buterin },
year = {2014},
howpublished={\url{https://ethereum.org/en/whitepaper/}}
}

@misc{steps,
title={{Small Step Semantics for Cardano}},
author = { Cardano Team },
year = {2018},
howpublished={\url{https://github.com/input-output-hk/cardano-ledger/releases/latest/download/small-step-semantics.pdf}}
}

@misc{alonzo,
title={{A Formal Specification of the Cardano Ledger integrating Plutus Core}{Formal Spec: Cardano Ledger with Plutus Core}},
author = { Andre Knispel and Polina Vinogradova },
year = {2021},
howpublished={\url{https://github.com/input-output-hk/cardano-ledger/releases/latest/download/alonzo-ledger.pdf}}
}

@misc{shelley,
title={{A Formal Specification of the Cardano Ledger}{Formal Cardano Ledger Spec.}},
author = { Jared Corduan, Matthias G\"udemann, and Polina Vinogradova },
year = {2019},
howpublished={\url{https://github.com/input-output-hk/cardano-ledger/releases/latest/download/shelley-ledger.pdf}}
}

@article{liveness,
title = {Defining liveness},
journal = {Information Processing Letters},
volume = {21},
number = {4},
pages = {181-185},
year = {1985},
issn = {0020-0190},
doi = {https://doi.org/10.1016/0020-0190(85)90056-0},
url = {https://www.sciencedirect.com/science/article/pii/0020019085900560},
author = {Bowen Alpern and Fred B. Schneider},
keywords = {Liveness, absolute liveness, uniform liveness, safety, property, topology, concurrency, semantics},
abstract = {A formal definition for liveness properties is proposed. It is argued that this definition captures the intuition that liveness properties stipulate that ‘something good’ eventually happens during execution. A topological characterization of safety and liveness is given. Every property is shown to be the intersection of a safety property and a liveness property.}
}

@article{hydra,
  title={Hydra: Fast Isomorphic State Channels},
  author={Manuel M. T. Chakravarty and Sandro Coretti and Matthias Fitzi and Peter Gazi and Philipp Kant and Aggelos Kiayias and Alexander Russell},
  journal={IACR Cryptol. ePrint Arch.},
  year={2020},
  volume={2020},
  pages={299}
}

@InProceedings{marlowe,
author="Lamela Seijas, Pablo
and Nemish, Alexander
and Smith, David
and Thompson, Simon",
editor="Bernhard, Matthew
and Bracciali, Andrea
and Camp, L. Jean
and Matsuo, Shin'ichiro
and Maurushat, Alana
and R{\o}nne, Peter B.
and Sala, Massimiliano",
title="Marlowe: Implementing and Analysing Financial Contracts on Blockchain",
booktitle="Financial Cryptography and Data Security",
year="2020",
publisher="Springer International Publishing",
address="Cham",
pages="496--511",
isbn="978-3-030-54455-3"
}

@Online{reentrancy,
 author = {Klint Finley},
 year = {2016},
 title = {A 50 million hack just showed that the DAO was all too human},
 journal = {WIRED},
 url = {https://www.wired.com/2016/06/50-million-hack-just-showed-dao-human/},
 urldate = {2016-06-18}
}

@inproceedings{survey,
author = {Atzei, Nicola and Bartoletti, Massimo and Cimoli, Tiziana},
title = {A Survey of Attacks on Ethereum Smart Contracts SoK},
year = {2017},
isbn = {9783662544549},
publisher = {Springer-Verlag},
address = {Berlin, Heidelberg},
url = {https://doi.org/10.1007/978-3-662-54455-6_8},
doi = {10.1007/978-3-662-54455-6_8},
pages = {164–186},
numpages = {23}
}

@inproceedings{bytecode,
author = {Amani, Sidney and B\'{e}gel, Myriam and Bortin, Maksym and Staples, Mark},
title = {Towards Verifying Ethereum Smart Contract Bytecode in Isabelle/HOL},
year = {2018},
isbn = {9781450355865},
publisher = {Association for Computing Machinery},
address = {New York, NY, USA},
url = {https://doi.org/10.1145/3167084},
doi = {10.1145/3167084},
booktitle = {Proceedings of the 7th ACM SIGPLAN International Conference on Certified Programs and Proofs},
pages = {66–77},
numpages = {12},
keywords = {smart contracts, Ethereum, formal verification, blockchain, Isabelle/HOL},
location = {Los Angeles, CA, USA},
series = {CPP 2018}
}

@Online{nftbug,
 author = {Shashank Bhardwaj},
 year = {2022},
 title = {Popular NFT launch on Ethereum loses 34 million in faulty smart contract},
 journal = {Forbes India},
 url = {{https://www.forbesindia.com/article/crypto-made-easy/popular-nft-launch-on-ethereum-loses-34-million-in-faulty-smart-contract/75675/1}},
 urldate = {2022-04-16}
}

@online{tweag,
  author = {Florent Chevrou},
  title = {A JOURNEY THROUGH THE AUDITING PROCESS OF A SMART CONTRACT},
  year = 2023,
  url = {{https://www.tweag.io/blog/2023-05-11-audit-smart-contract/}},
  urldate = {2023-05-11}
}

@inproceedings{bitml,
  title={{BitML}: a calculus for {Bitcoin} smart contracts},
  author={Bartoletti, Massimo and Zunino, Roberto},
  booktitle={Proceedings of the 2018 ACM SIGSAC Conference on Computer and Communications Security},
  pages={83--100},
  year={2018},
  organization={ACM}
}

@inproceedings{sharding,
author = {P\^{\i}rlea, George and Kumar, Amrit and Sergey, Ilya},
title = {Practical Smart Contract Sharding with Ownership and Commutativity Analysis},
year = {2021},
isbn = {9781450383912},
publisher = {Association for Computing Machinery},
address = {New York, NY, USA},
url = {https://doi.org/10.1145/3453483.3454112},
doi = {10.1145/3453483.3454112},
pages = {1327–1341},
numpages = {15},
keywords = {static analysis, smart contracts, parallelism},
location = {Virtual, Canada},
series = {PLDI 2021}
}

@online{runtimev,
  author = {Runtime Verification Team},
  title = {Smart Contract Analysis and Verification},
  year = 2023,
  url = {{https://runtimeverification.com/smartcontract}},
  urldate = {2023-11-03}
}

@online{quviq,
  author = {Arnaud Bailly},
  title = {Model-Based Testing with QuickCheck},
  year = 2022,
  url = {{https://engineering.iog.io/2022-09-28-introduce-q-d/}},
  urldate = {2022-10-04}
}

@article{article,
author = {Rutten, Jan},
year = {2000},
month = {10},
pages = {3-80},
title = {Universal coalgebra: A theory of systems},
volume = {249},
journal = {Theoretical Computer Science},
doi = {10.1016/S0304-3975(00)00056-6}
}

@InProceedings{algorand,
author="Xu, Yibin
and Slaats, Tijs
and D{\"u}dder, Boris
and Debois, S{\o}ren
and Wu, Haiqin",
title="Distributed and Adversarial Resistant Workflow Execution on the Algorand Blockchain",
booktitle="Financial Cryptography and Data Security. FC 2022 International Workshops",
year="2023",
publisher="Springer International Publishing",
address="Cham",
pages="583--597",
isbn="978-3-031-32415-4"
}

@article{parallelism,
	doi = {10.46298/lmcs-17(4:10)2021},
	url = {https://doi.org/10.46298%2Flmcs-17%284%3A10%292021},
	year = 2021,
	month = {nov},
	publisher = {Centre pour la Communication Scientifique Directe ({CCSD})},
	volume = {Volume 17, Issue 4},
	author = {Massimo Bartoletti and Letterio Galletta and Maurizio Murgia},
	title = {A theory of transaction parallelism in blockchains},
	journal = {Logical Methods in Computer Science}
}

@inproceedings{verisolid,
  title={{VeriSolid}: Correct-by-design smart contracts for {Ethereum}},
  author={Mavridou, Anastasia and Laszka, Aron and Stachtiari, Emmanouela and Dubey, Abhishek},
  booktitle={International Conference on Financial Cryptography and Data Security},
  pages={446--465},
  year={2019},
  organization={Springer}
}

@misc{DAO,
  title={The Story of the {DAO} -- Its History and Consequences},
  author={Falkon, Samuel},
  howpublished={\url{https://medium.com/swlh/the-story-of-the-dao-its-history-and-consequences-71e6a8a551ee}},
  date={24th December},
  note={medium.com},
  year={2017}
}

@book{sangiorgi,
  author = {Davide Sangiorgi},
  title = {Introduction to Bisimulation and Coinduction},
  year = {2012},
  publisher = {Cambridge University Press},
  isbn = 9781107003637
}

@proceedings{formal,
  editor    = {Tiziana Margaria and
               Bernhard Steffen},
  title     = {Leveraging Applications of Formal Methods, Verification and Validation.
               Industrial Practice - 8th International Symposium, ISoLA 2018, Limassol,
               Cyprus, November 5-9, 2018, Proceedings, Part {IV}},
  series    = {Lecture Notes in Computer Science},
  volume    = {11247},
  publisher = {Springer},
  year      = {2018},
  url       = {https://doi.org/10.1007/978-3-030-03427-6},
  doi       = {10.1007/978-3-030-03427-6},
  isbn      = {978-3-030-03426-9},
  timestamp = {Tue, 14 May 2019 10:00:41 +0200},
  biburl    = {https://dblp.org/rec/bib/conf/isola/2018-4},
  bibsource = {dblp computer science bibliography, https://dblp.org}
}

@book{milner-pibook,
  author = {Robin Milner},
  title = {Communicating and mobile systems: the $\pi$-calculus},
  year = {1999},
  publisher = {Cambridge University Press}
  }
